@TechReport{Kvamme2015,
  Title                    = {An Investigation into statistical classification using trees},
  Author                   = {Kvamme, HÃ¥vard},
  Institution              = {NTNU},
  Year                     = {2015},

  Url                      = {https://github.com/havakv/Project/blob/master/project.pdf}
}
