Not sure about this one ...
book{bishop2006pattern,
@book{bishop,
  title={Pattern recognition and machine learning},
  author={Bishop, Christopher M and others},
  volume={4},
  number={4},
  year={2006},
  publisher={springer New York},
}


book{hastie2009elements,
@book{modstat,
  title={The elements of statistical learning},
  author={Hastie, Trevor and Tibshirani, Robert and Friedman, Jerome and Hastie, T and Friedman, J and Tibshirani, R},
  volume={2},
  number={1},
  year={2009},
  publisher={Springer}
}

book{hastie2009elements,
@book{breiman,
  title={Classification and Regression Trees},
  author={Leo Breiman, Jerome Friedman, Richard Olshen, Charles Stone},
  year={1984},
  publisher={Wadsworth International Group}
}

article{friedman2001greedy,
@article{friedman,
  title={Greedy function approximation: a gradient boosting machine},
  author={Friedman, Jerome H},
  journal={Annals of statistics},
  pages={1189--1232},
  year={2001},
  note={\url{http://statweb.stanford.edu/~jhf/ftp/trebst.pdf}},
}
  publisher={JSTOR}

@article{adaboostM1,
  title={A decision-theoretic generalization of on-line learning and an application to boosting},
  author={Yoav Freund and Robert E. Schapire},
  journal={Journal of Computer and System Sciences, 55(1)},
  pages={119--139},
  year={2001},
  note={\url{http://ac.els-cdn.com/S002200009791504X/1-s2.0-S002200009791504X-main.pdf?_tid=75c5b7ac-df7c-11e4-a7e5-00000aacb362&acdnat=1428668817_21ce7c8079f996f10b9be1db43124180}},
}


. . , :119â€“139,
August 1997
